@misc{solar-recharge-circuit,
    author={Igor Fonseca Albuquerque},
    title = {{Solar Charged Battery Powered Arduino Uno}},
    howpublished = "\url{https://www.hackster.io/igorF2/solar-charged-battery-powered-arduino-uno-645d89}",
    year={2016}
}